<record><leader>00000cas a22000007a 4500</leader><controlfield tag="001">14955971</controlfield><controlfield tag="008">861211d18891894wiuwr ne      0    0eng d</controlfield><datafield ind1=" " ind2=" " tag="010"><subfield code="a">sn 86086837 </subfield></datafield><datafield ind1=" " ind2=" " tag="040"><subfield code="a">NPV</subfield><subfield code="b">eng</subfield><subfield code="c">NPV</subfield><subfield code="d">OCLCQ</subfield></datafield><datafield ind1=" " ind2=" " tag="019"><subfield code="a">990402232</subfield><subfield code="a">995230840</subfield></datafield><datafield ind1="1" ind2=" " tag="029"><subfield code="a">AU@</subfield><subfield code="b">000046343912</subfield></datafield><datafield ind1="1" ind2=" " tag="029"><subfield code="a">NZ1</subfield><subfield code="b">16071468</subfield></datafield><datafield ind1=" " ind2=" " tag="042"><subfield code="a">msc</subfield></datafield><datafield ind1="0" ind2=" " tag="130"><subfield code="a">Saturday star (Milwaukee, Wis.)</subfield></datafield><datafield ind1="1" ind2="4" tag="245"><subfield code="a">The Saturday star.</subfield></datafield><datafield ind1="3" ind2="0" tag="246"><subfield code="a">Star</subfield></datafield><datafield ind1=" " ind2=" " tag="260"><subfield code="a">Milwaukee, Wis. :</subfield><subfield code="b">Dankoler &amp; Dankoler,</subfield><subfield code="c">1889-1894.</subfield></datafield><datafield ind1=" " ind2=" " tag="300"><subfield code="a">v.</subfield></datafield><datafield ind1=" " ind2=" " tag="310"><subfield code="a">Weekly</subfield></datafield><datafield ind1="0" ind2=" " tag="362"><subfield code="a">Vol. 1, no. 1 (May 18, 1889)-v. 12, no. 292 (Dec. 22, 1894).</subfield></datafield><datafield ind1=" " ind2=" " tag="500"><subfield code="a">Publisher varies.</subfield></datafield><datafield ind1=" " ind2=" " tag="580"><subfield code="a">Merged with: Peck's sun and South Milwaukee star, to form: Peck's sun and Saturday star.</subfield></datafield><datafield ind1=" " ind2=" " tag="752"><subfield code="a">United States</subfield><subfield code="b">Wisconsin</subfield><subfield code="c">Milwaukee</subfield><subfield code="d">Milwaukee.</subfield></datafield><datafield ind1=" " ind2=" " tag="752"><subfield code="a">United States</subfield><subfield code="b">Wisconsin</subfield><subfield code="c">Washington</subfield><subfield code="d">Milwaukee.</subfield></datafield><datafield ind1="1" ind2="7" tag="785"><subfield code="t">Peck's sun</subfield><subfield code="w">(DLC)sn 86072107</subfield></datafield><datafield ind1="1" ind2="7" tag="785"><subfield code="t">South Milwaukee star</subfield></datafield><datafield ind1="1" ind2="7" tag="785"><subfield code="t">Peck's sun and Saturday star</subfield><subfield code="w">(DLC)sn 86086848</subfield></datafield></record>